<?xml version="1.0" encoding="UTF-8"?><collection xmlns="http://www.loc.gov/MARC21/slim"><record><leader>00659nam--2200205-u-4500</leader><controlfield tag="001">000054650</controlfield><controlfield tag="002">20161230</controlfield><controlfield tag="005">20161230201051</controlfield><controlfield tag="008">120510s1000------------r-----000-0-rus-d</controlfield><datafield ind1=" " ind2=" " tag="040"><subfield code="a">IFIN-HH</subfield></datafield><datafield ind1=" " ind2=" " tag="041"><subfield code="a">rus</subfield></datafield><datafield ind1=" " ind2=" " tag="080"><subfield code="a">539.143.43=03.20=82</subfield></datafield><datafield ind1="1" ind2=" " tag="100"><subfield code="a">Haeberlen, Ulrich</subfield></datafield><datafield ind1="1" ind2="0" tag="245"><subfield code="a">Iamr visokogo razresenia v tverdih telah</subfield><subfield code="c">Ulrich haeberlen, michael mehring</subfield></datafield><datafield ind1=" " ind2=" " tag="260"><subfield code="a">Moskva</subfield><subfield code="b">Mir</subfield><subfield code="c">1980</subfield></datafield><datafield ind1=" " ind2=" " tag="300"><subfield code="a">504P</subfield></datafield><datafield ind1=" " ind2=" " tag="500"><subfield code="a">Titlul Original In Limba Engleza: High Resolution Nmr In Solids Selective Averaging; High Resolution Nmr Spectroscopy In Solids</subfield></datafield><datafield ind1="1" ind2=" " tag="700"><subfield code="a">Mehring, Michael</subfield></datafield><datafield ind1=" " ind2=" " tag="852"><subfield code="a">49872</subfield><subfield code="c">539.143.43</subfield></datafield><datafield ind1=" " ind2=" " tag="CAT"><subfield code="a">Sys</subfield><subfield code="c">20120510</subfield><subfield code="h">191125</subfield></datafield></record></collection>